@book{RN100,
   author = {Hair, J.F. and Black, W.C. and Babin, B.J. and Anderson, R.E.},
   title = {Multivariate Data Analysis},
   publisher = {Pearson},
   ISBN = {978-0138132637},
   year = {2009},
   type = {Book}
}

@article{RN99,
   author = {Raichle, M.E. and MacLeod, A.M. and Snyder, A.Z. and Powers, W.J. and Gusnard, D.A. and Shulman, G.L.},
   title = {A default mode of brain function},
   journal = {PNAS},
   volume = {98},
   number = {2},
   pages = {676-682},
   year = {2001},
   type = {Journal Article}
}


@article{RN98,
   author = {Ide, J. S. and Nedic, S. and Wong, K. F. and Strey, S. L. and Lawson, E. A. and Dickerson, B. C. and Wald, L. L. and La Camera, G. and Mujica-Parodi, L. R.},
   title = {Oxytocin attenuates trust as a subset of more general reinforcement learning, with altered reward circuit functional connectivity in males},
   journal = {Neuroimage},
   volume = {174},
   pages = {35-43},
   ISSN = {1095-9572 (Electronic)
1053-8119 (Linking)},
   DOI = {10.1016/j.neuroimage.2018.02.035},
   url = {https://www.ncbi.nlm.nih.gov/pubmed/29486321},
   year = {2018},
   type = {Journal Article}
}

@article{RN95,
   author = {Singh, R. and Ghosh, D. and Adhikari, R.},
   title = {Fast Bayesian inference of the multivariate Ornstein-Uhlenbeck process},
   journal = {Phys Rev E},
   volume = {98},
   number = {1-1},
   pages = {012136},
   ISSN = {2470-0053 (Electronic)
2470-0045 (Linking)},
   DOI = {10.1103/PhysRevE.98.012136},
   url = {https://www.ncbi.nlm.nih.gov/pubmed/30110802},
   year = {2018},
   type = {Journal Article}
}

@article{RN62,
   author = {Hurn, A.S. and Jeisman, J. and Lindsay, K.A.},
   title = {Seeing the Wood for the Trees: A Critical Evaluation of Methods to Estimate the Parameters of Stochastic Differential Equations},
   journal = {Journal of Financial Econometrics},
   volume = {5},
   number = {3},
   pages = {390–455},
   year = {2007},
   type = {Journal Article}
}

@article{RN91,
   author = {Strey, H. H.},
   title = {Estimation of parameters from time traces originating from an Ornstein-Uhlenbeck process},
   journal = {Phys Rev E},
   volume = {100},
   number = {6-1},
   pages = {062142},
   ISSN = {2470-0053 (Electronic)
2470-0045 (Linking)},
   DOI = {10.1103/PhysRevE.100.062142},
   url = {https://www.ncbi.nlm.nih.gov/pubmed/31962441},
   year = {2019},
   type = {Journal Article}
}

@book{RN90,
   author = {Bishop, C.M.},
   title = {Pattern Recognition and Machine Learning},
   publisher = {Springer},
   address = {New York},
   series = {Information Science and Statistics},
   pages = {738},
   year = {2006},
   type = {Book}
}

@article{RN89,
   author = {Morrison, I.D. and Grabowski, E.F. and Herb, C.A.},
   title = {Improved Techniques for Particle Size Determination by Quasi-Elastic Light Scattering},
   journal = {Langmuir},
   volume = {1},
   pages = {496-501},
   year = {1985},
   type = {Journal Article}
}

@book{RN60,
   author = {Bishwal, J.P.N.},
   title = {Parameter Estimation 
in Stochastic Differential Equations},
   publisher = {Springer},
   address = {Heidelberg},
   year = {2008},
   type = {Book}
}

@article{RN88,
   author = {Nedic, S. and Stufflebeam, S. M. and Rondinoni, C. and Velasco, T. R. and dos Santos, A. C. and Leite, J. P. and Gargaro, A. C. and Mujica-Parodi, L. R. and Ide, J. S.},
   title = {Using network dynamic fMRI for detection of epileptogenic foci},
   journal = {BMC Neurol},
   volume = {15},
   pages = {262},
   ISSN = {1471-2377 (Electronic)
1471-2377 (Linking)},
   DOI = {10.1186/s12883-015-0514-y},
   url = {http://www.ncbi.nlm.nih.gov/pubmed/26689596},
   year = {2015},
   type = {Journal Article}
}

@article{RN69,
   author = {Pedersen, A.R.},
   title = {A New Approach to Maximum Likelihood Estimation for Stochastic Differential Equations Based on Discrete Observations},
   journal = {Scandinavian Journal of Statistics},
   volume = {22},
   number = {1},
   pages = {55-71},
   year = {1995},
   type = {Journal Article}
}

@article{RN86,
   author = {Marsili-Libelli, S. and Guerrizio, S. and Checchi, N.},
   title = {Confidence regions of estimated parameters for ecological systems},
   journal = {Ecological Modelling},
   volume = {165},
   number = {2-3},
   pages = {127-146},
   ISSN = {03043800},
   DOI = {10.1016/s0304-3800(03)00068-1},
   year = {2003},
   type = {Journal Article}
}

@article{RN85,
   author = {Schwaab, Marcio and Biscaia, Jr Evaristo Chalbaud and Monteiro, José Luiz and Pinto, José Carlos},
   title = {Nonlinear parameter estimation through particle swarm optimization},
   journal = {Chemical Engineering Science},
   volume = {63},
   number = {6},
   pages = {1542-1552},
   ISSN = {00092509},
   DOI = {10.1016/j.ces.2007.11.024},
   year = {2008},
   type = {Journal Article}
}

@article{RN87,
   author = {Hashemi, M. and Hutt, A. and Buhry, L. and Sleigh, J.},
   title = {Optimal Model Parameter Estimation from EEG Power Spectrum Features Observed during General Anesthesia},
   journal = {Neuroinformatics},
   volume = {16},
   number = {2},
   pages = {231-251},
   ISSN = {1559-0089 (Electronic)
1539-2791 (Linking)},
   DOI = {10.1007/s12021-018-9369-x},
   url = {https://www.ncbi.nlm.nih.gov/pubmed/29516302},
   year = {2018},
   type = {Journal Article}
}

@article{RN75,
   author = {Salvatier, J. and Wiecki, T.V. and Fonnesbeck, C.},
   title = {Probabilistic programming in Python using PyMC3},
   journal = {PeerJ CompSci},
   volume = {2},
   pages = {e55},
   year = {2016},
   type = {Journal Article}
}

@article{RN52,
   author = {Norrelykke, S. F. and Flyvbjerg, H.},
   title = {Power spectrum analysis with least-squares fitting: amplitude bias and its elimination, with application to optical tweezers and atomic force microscope cantilevers},
   journal = {Rev Sci Instrum},
   volume = {81},
   number = {7},
   pages = {075103},
   ISSN = {1089-7623 (Electronic)
0034-6748 (Linking)},
   DOI = {10.1063/1.3455217},
   url = {https://www.ncbi.nlm.nih.gov/pubmed/20687755},
   year = {2010},
   type = {Journal Article}
}

@article{RN51,
   author = {Bera, S. and Paul, S. and Singh, R. and Ghosh, D. and Kundu, A. and Banerjee, A. and Adhikari, R.},
   title = {Fast Bayesian inference of optical trap stiffness and particle diffusion},
   journal = {Sci Rep},
   volume = {7},
   pages = {41638},
   ISSN = {2045-2322 (Electronic)
2045-2322 (Linking)},
   DOI = {10.1038/srep41638},
   url = {https://www.ncbi.nlm.nih.gov/pubmed/28139705},
   year = {2017},
   type = {Journal Article}
}

@book{RN50,
   author = {Prado, R. and West, M.},
   title = {Time Series: Modeling, Computation, and Inference},
   publisher = {Chapman \& Hall/CRC},
   address = {Boca Raton},
   series = {Texts in Statistical Science},
   ISBN = {978-1420093360},
   year = {2010},
   type = {Book}
}

@article{RN2,
   author = {Berg-Sørensen, K. and Flyvbjerg, H.},
   title = {Power spectrum analysis for optical tweezers},
   journal = {Rev. Sci. Instr.},
   volume = {75},
   pages = {594-612},
   DOI = {10.1063/1.1645654},
   year = {2004},
   type = {Journal Article}
}

@misc{RN4,
   volume = {stat.OT},
   year = {2012},
   type = {Electronic Article}
}

@book{RN45,
   author = {Chu, B.},
   title = {Laser Light Scattering},
   publisher = {Academic Press},
   address = {New York},
   year = {1974},
   type = {Book}
}

@book{RN43,
   author = {Feller, W.},
   title = {An Introduction to Probability Theory and Its Applications},
   publisher = {Wiley},
   address = {New York},
   volume = {I,II},
   edition = {Second},
   year = {1957},
   type = {Book}
}

@article{RN17,
   author = {Flyvjerg, H. and Peterson, H.G.},
   title = {Error estimates on averages of correlated data},
   journal = {J. Chem. Phys.},
   volume = {91},
   pages = {461-466},
   year = {1989},
   type = {Journal Article}
}

@article{RN24,
   author = {Hoffman, M.D. and Gelman, A.},
   title = {The No-U-Turn Sampler: Adaptively Setting Path Lengths in Hamiltonian Monte Carlo},
   journal = {J. of Machine Learning Research},
   volume = {15},
   pages = {1351-1381},
   year = {2014},
   type = {Journal Article}
}

@article{RN34,
   author = {HU, YAOZHONG and LONG, HONGWEI},
   title = {PARAMETER ESTIMATION FOR ORNSTEIN-UHLENBECK PROCESSES DRIVEN BY α-STABLE LE ́VY MOTIONS},
   journal = {Communications on Stochastic Analysis},
   volume = {1},
   number = {2},
   pages = {175-192},
   year = {2007},
   type = {Journal Article}
}

@article{RN44,
   author = {Ioannidis, J. P.},
   title = {Acknowledging and Overcoming Nonreproducibility in Basic and Preclinical Research},
   journal = {JAMA},
   volume = {317},
   number = {10},
   pages = {1019-1020},
   ISSN = {1538-3598 (Electronic)
0098-7484 (Linking)},
   DOI = {10.1001/jama.2017.0549},
   url = {https://www.ncbi.nlm.nih.gov/pubmed/28192565},
   year = {2017},
   type = {Journal Article}
}

@article{RN1,
   author = {Kojro, Z. and Riede, A. and Schubert, M. and Grill, W.},
   title = {Systematic and statistical errors in correlation estimators obtained from various digital correlators},
   journal = {Rev. Sci. Instr.},
   volume = {70},
   pages = {4487-4496},
   DOI = {10.1063/1.1150101},
   year = {1999},
   type = {Journal Article}
}

@book{RN37,
   author = {Liptser, R.S. and Shiryaev, A.N.},
   title = {Statistics of Random Processes I: General Theory},
   publisher = {Springer},
   address = {New York},
   edition = {2},
   series = {Applications of Mathematics},
   year = {2000},
   type = {Book}
}

@book{RN38,
   author = {Liptser, R.S. and Shiryaev, A.N.},
   title = {Statistics of Random Processes II: Applications},
   publisher = {Springer},
   address = {New York},
   edition = {2},
   series = {Applications of Mathematics},
   year = {2000},
   type = {Book}
}

@article{RN29,
   author = {Magde, D. and Elson, E. and Webb, W. W.},
   title = {Thermodynamic Fluctuations in a Reacting System -Measurement by Fluorescence Correlation Spectroscopy},
   journal = {Phys. Rev. Lett.},
   volume = {29},
   number = {11},
   pages = {705-708},
   DOI = {10.1103/PhysRevLett.29.705},
   year = {1972},
   type = {Journal Article}
}

@article{RN21,
   author = {Monzel, C. and Schmidt, D. and Kleusch, C. and Kirchenbuchler, D. and Seifert, U. and Smith, A. S. and Sengupta, K. and Merkel, R.},
   title = {Measuring fast stochastic displacements of bio-membranes with dynamic optical displacement spectroscopy},
   journal = {Nat Commun},
   volume = {6},
   pages = {8162},
   ISSN = {2041-1723 (Electronic)
2041-1723 (Linking)},
   DOI = {10.1038/ncomms9162},
   url = {https://www.ncbi.nlm.nih.gov/pubmed/26437911},
   year = {2015},
   type = {Journal Article}
}

@article{RN10,
   author = {Monzel, C. and Schmidt, D. and Seifert, U. and Smith, A. S. and Merkel, R. and Sengupta, K.},
   title = {Nanometric thermal fluctuations of weakly confined biomembranes measured with microsecond time-resolution},
   journal = {Soft Matter},
   volume = {12},
   number = {21},
   pages = {4755-68},
   ISSN = {1744-6848 (Electronic)
1744-683X (Linking)},
   DOI = {10.1039/c6sm00412a},
   url = {https://www.ncbi.nlm.nih.gov/pubmed/27142463},
   year = {2016},
   type = {Journal Article}
}

@article{RN39,
   author = {Neuman, K. C. and Block, S. M.},
   title = {Optical trapping},
   journal = {Rev Sci Instrum},
   volume = {75},
   number = {9},
   pages = {2787-809},
   ISSN = {0034-6748 (Print)
0034-6748 (Linking)},
   DOI = {10.1063/1.1785844},
   url = {https://www.ncbi.nlm.nih.gov/pubmed/16878180},
   year = {2004},
   type = {Journal Article}
}

@article{RN33,
   author = {Norrelykke, S. F. and Flyvbjerg, H.},
   title = {Harmonic oscillator in heat bath: exact simulation of time-lapse-recorded data and exact analytical benchmark statistics},
   journal = {Phys Rev E Stat Nonlin Soft Matter Phys},
   volume = {83},
   number = {4 Pt 1},
   pages = {041103},
   ISSN = {1550-2376 (Electronic)
1539-3755 (Linking)},
   DOI = {10.1103/PhysRevE.83.041103},
   url = {https://www.ncbi.nlm.nih.gov/pubmed/21599111},
   year = {2011},
   type = {Journal Article}
}

@book{RN41,
   author = {Press, W.H. and Teukolsky, S.A. and Vetterling, W.T. and Flannery, B.P.},
   title = {Numerical Recipes},
   publisher = {Cambridge Univ. Press},
   edition = {Third},
   year = {2007},
   type = {Book}
}

@article{RN11,
   author = {Pryse, K. M. and Rong, X. and Whisler, J. A. and McConnaughey, W. B. and Jiang, Y. F. and Melnykov, A. V. and Elson, E. L. and Genin, G. M.},
   title = {Confidence intervals for concentration and brightness from fluorescence fluctuation measurements},
   journal = {Biophys J},
   volume = {103},
   number = {5},
   pages = {898-906},
   ISSN = {1542-0086 (Electronic)
0006-3495 (Linking)},
   DOI = {10.1016/j.bpj.2012.07.045},
   url = {https://www.ncbi.nlm.nih.gov/pubmed/23009839},
   year = {2012},
   type = {Journal Article}
}

@article{RN36,
   author = {R{\"a}dler, J. O. and Feder, T. J. and Strey, H. H. and Sackmann, E.},
   title = {Fluctuation analysis of tension-controlled undulation forces between giant vesicles and solid substrates},
   journal = {Phys. Rev. E},
   volume = {51},
   pages = {4526-4536},
   year = {1995},
   type = {Journal Article}
}

@article{RN6,
   author = {Rami Al-Rfou, 6 Guillaume Alain, 1 Amjad Almahairi,1 Christof Angermueller,7, 8 Dzmitry Bahdanau,1 Nicolas Ballas,1 Fre ́de ́ricBastien,1 JustinBayer,AnatolyBelikov,9 AlexanderBelopolsky,10 YoshuaBengio,1,3 ArnaudBergeron,1 James Bergstra,1 Valentin Bisson,1 Josh Bleecher Snyder, Nicolas Bouchard,1 Nicolas Boulanger-Lewandowski,1 Xavier Bouthillier,1 Alexandre de Bre ́bisson,1 Olivier Breuleux,1 Pierre-Luc Carrier,1 Kyunghyun Cho,1, 11 and Jan Chorowski, 1, 12 Paul Christiano,13 Tim Cooijmans,1, 14 Marc-Alexandre Coˆte ́,15 Myriam Coˆte ́,1 Aaron Courville,1, 4 Yann N. Dauphin,1, 16 Olivier Delalleau,1 Julien Demouth,17 Guillaume Desjardins,1, 18 Sander Dieleman,19 Laurent Dinh,1 Me ́lanie Ducoffe,1, 20 Vincent Dumoulin,1 Samira Ebrahimi Kahou,1, 2 Dumitru Erhan,1, 21 Ziye Fan,22 Orhan Firat,1, 23 Mathieu Germain,1 Xavier Glorot,1, 18 Ian Goodfellow,1, 24 Matt Graham,25 Caglar Gulcehre,1 Philippe Hamel,1 Iban Harlouchet,1 Jean-Philippe Heng,1, 26 Bala ́zs Hidasi,27 Sina Honari,1 Arjun Jain,28 Se ́bastien Jean,1, 11 Kai Jia,29 Mikhail Korobov,30 Vivek Kulkarni,6 Alex Lamb,1 Pascal Lamblin,1 Eric Larsen,1, 31 Ce ́sar Laurent,1 Sean Lee,17 Simon Lefrancois,1 Simon Lemieux,1 Nicholas Le ́onard,1 Zhouhan Lin,1 and Jesse A. Livezey, 32 Cory Lorenz, 33 Jeremiah Lowin, Qianli Ma,34 Pierre-Antoine Manzagol,1 Olivier Mastropietro,1 Robert T. McGibbon,35 Roland Memisevic,1, 4 Bart van Merrie ̈nboer,1 Vincent Michalski,1 Mehdi Mirza,1 Alberto Orlandi, Christopher Pal,1, 2 Razvan Pascanu,1, 18 Mohammad Pezeshki,1 Colin Raffel,36 Daniel Renshaw,25 Matthew Rocklin, Adriana Romero,1 Markus Roth, Peter Sadowski,37 John Salvatier,38 Franc ̧ois Savard,1 Jan Schlu ̈ter,39 JohnSchulman,24GabrielSchwartz,40IulianVladSerban,1DmitriySerdyuk,1SamiraShabanian,1E ́tienneSimon,1,41 Sigurd Spieckermann, S. Ramana Subramanyam,42 Jakub Sygnowski,43 Je ́re ́mie Tanguay,1 Gijs van Tulder,44 Joseph Turian,1 Sebastian Urban,45 Pascal Vincent,1, 5 Francesco Visin,1, 46 Harm de Vries,1 David Warde-Farley,1 Dustin J. Webb,1, 47 Matthew Willson,48 Kelvin Xu,1 Lijun Xue,49 Li Yao,1 Saizheng Zhang,1 and Ying Zhang1},
   title = {Theano: A Python framework for fast computation of mathematical expressions},
   type = {Journal Article}
}

@article{RN25,
   author = {Richly, M. U. and Turkcan, S. and Le Gall, A. and Fiszman, N. and Masson, J. B. and Westbrook, N. and Perronet, K. and Alexandrou, A.},
   title = {Calibrating optical tweezers with Bayesian inference},
   journal = {Opt Express},
   volume = {21},
   number = {25},
   pages = {31578-90},
   ISSN = {1094-4087 (Electronic)
1094-4087 (Linking)},
   DOI = {10.1364/OE.21.031578},
   url = {https://www.ncbi.nlm.nih.gov/pubmed/24514731},
   year = {2013},
   type = {Journal Article}
}

@article{RN13,
   author = {Seifert, U.},
   title = {Configurations of fluid membranes and vesicles},
   journal = {Advances in Physics},
   volume = {46},
   number = {1},
   pages = {13-137},
   DOI = {10.1080/00018739700101488},
   year = {1997},
   type = {Journal Article}
}

@article{RN30,
   author = {Seifert, U.},
   title = {Stochastic thermodynamics, fluctuation theorems and molecular machines},
   journal = {Rep Prog Phys},
   volume = {75},
   number = {12},
   pages = {126001},
   ISSN = {1361-6633 (Electronic)
0034-4885 (Linking)},
   DOI = {10.1088/0034-4885/75/12/126001},
   url = {https://www.ncbi.nlm.nih.gov/pubmed/23168354},
   year = {2012},
   type = {Journal Article}
}

@article{RN19,
   author = {Serag, M. F. and Abadi, M. and Habuchi, S.},
   title = {Single-molecule diffusion and conformational dynamics by spatial integration of temporal fluctuations},
   journal = {Nat Commun},
   volume = {5},
   pages = {5123},
   ISSN = {2041-1723 (Electronic)
2041-1723 (Linking)},
   DOI = {10.1038/ncomms6123},
   url = {https://www.ncbi.nlm.nih.gov/pubmed/25283876},
   year = {2014},
   type = {Journal Article}
}

@book{RN42,
   author = {Sivia, D. and Skilling, J.},
   title = {Data Analysis: A Bayesian Tutorial},
   publisher = {Oxford University Press},
   edition = {Second},
   year = {2006},
   type = {Book}
}

@article{RN35,
   author = {Strey, H.H. and Peterson, M.A. and Sackmann, E.},
   title = {Measurement of Erythrocyte Membrane Elasticity by Flicker Eigenmode Decomposition},
   journal = {Biophys. J.},
   volume = {69},
   year = {1995},
   type = {Journal Article}
}

@article{RN95,
   author = {Singh, R. and Ghosh, D. and Adhikari, R.},
   title = {Fast Bayesian inference of the multivariate Ornstein-Uhlenbeck process},
   journal = {Phys Rev E},
   volume = {98},
   number = {1-1},
   pages = {012136},
   ISSN = {2470-0053 (Electronic)
2470-0045 (Linking)},
   DOI = {10.1103/PhysRevE.98.012136},
   url = {https://www.ncbi.nlm.nih.gov/pubmed/30110802},
   year = {2018},
   type = {Journal Article}
}

@article{RN51,
   author = {Bera, S. and Paul, S. and Singh, R. and Ghosh, D. and Kundu, A. and Banerjee, A. and Adhikari, R.},
   title = {Fast Bayesian inference of optical trap stiffness and particle diffusion},
   journal = {Sci Rep},
   volume = {7},
   pages = {41638},
   ISSN = {2045-2322 (Electronic)
2045-2322 (Linking)},
   DOI = {10.1038/srep41638},
   url = {https://www.ncbi.nlm.nih.gov/pubmed/28139705},
   year = {2017},
   type = {Journal Article}
}

@article{RN28,
   author = {Uhlenbeck, G.E. and Ornstein, I.S.},
   title = {ON THE THEORY OF THE BROWNIAN MOTION},
   journal = {Phys. Rev.},
   volume = {36},
   pages = {823-841},
   DOI = {10.1103/PhysRev.36.823},
   year = {1930},
   type = {Journal Article}
}

@article{RN32,
   author = {Wohland, T. and Rigler, R. and Vogel, H.},
   title = {The Standard Deviation in Fluorescence Correlation Spectroscopy},
   journal = {Biophysical J.},
   volume = {80},
   pages = {2987-2999},
   year = {2001},
   type = {Journal Article}
}

@article{RN40,
   author = {Yan, H. and Johnston, J. F. and Cahn, S. B. and King, M. C. and Mochrie, S. G. J.},
   title = {Multiplexed fluctuation-dissipation-theorem calibration of optical tweezers inside living cells},
   journal = {Rev Sci Instrum},
   volume = {88},
   number = {11},
   pages = {113112},
   ISSN = {1089-7623 (Electronic)
0034-6748 (Linking)},
   DOI = {10.1063/1.5012782},
   url = {https://www.ncbi.nlm.nih.gov/pubmed/29195389},
   year = {2017},
   type = {Journal Article}
}

@book{RN46,
   author = {Gamerman, D. and Lopes, H.F.},
   title = {Markov Chain Monte Carlo},
   publisher = {Chapman \& Hall/CRC},
   address = {Boca Raton, FL},
   edition = {Second},
   series = {Texts in Statistical Science},
   year = {2006},
   type = {Book}
}

@misc{anaconda,
  author = {{Anaconda Inc.}},
  title = {Anaconda python},
  url = {https://anaconda.com},
  version = {2-2.4.0},
  date = {2016-11-01},
}

@article{newville_matthew_2014_11813,
  author       = {Newville, Matthew and
                  Stensitzki, Till and
                  Allen, Daniel B. and
                  Ingargiola,  Antonino},
  title        = {{LMFIT: Non-Linear Least-Square Minimization and 
                   Curve-Fitting for Python}},
  month        = sep,
  year         = 2014,
  publisher    = {Zenodo},
  version      = {0.8.0},
  doi          = {10.5281/zenodo.11813},
  url          = {https://doi.org/10.5281/zenodo.11813}
}

@article{osti_6997568,
title = {User guide for MINPACK-1. [In FORTRAN]},
author = {More, J. J. and Garbow, B. S. and Hillstrom, K. E.},
abstractNote = {MINPACK-1 is a pack of FORTRAN subprograms for the numerical solution of nonlinear equations and nonlinear least-squares problems. This report provides an overview of the algorithms and software in the package, and includes the documentation and program listings.},
doi = {10.2172/6997568},
journal = {},
number = ,
volume = ,
place = {United States},
year = {1980},
month = {8}
}

@inproceedings{ge2018t,
  author    = {Hong Ge and
               Kai Xu and
               Zoubin Ghahramani},
  title     = {Turing: a language for flexible probabilistic inference},
  booktitle = {International Conference on Artificial Intelligence and Statistics,
               {AISTATS} 2018, 9-11 April 2018, Playa Blanca, Lanzarote, Canary Islands,
               Spain},
  pages     = {1682--1690},
  year      = {2018},
  url       = {http://proceedings.mlr.press/v84/ge18b.html},
  biburl    = {https://dblp.org/rec/bib/conf/aistats/GeXG18},
}

@article{bezanson2017julia,
  title={Julia: A fresh approach to numerical computing},
  author={Bezanson, Jeff and Edelman, Alan and Karpinski, Stefan and Shah, Viral B},
  journal={SIAM review},
  volume={59},
  number={1},
  pages={65--98},
  year={2017},
  publisher={SIAM},
  url={https://doi.org/10.1137/141000671}
}

@article{RN75,
   author = {Salvatier, J. and Wiecki, T.V. and Fonnesbeck, C.},
   title = {Probabilistic programming in Python using PyMC3},
   journal = {PeerJ CompSci},
   volume = {2},
   pages = {e55},
   year = {2016},
   type = {Journal Article}
}

